@article\{sola2012impact,\
  title=\{Impact of landmark parametrization on monocular EKF-SLAM with points and lines\},\
  author=\{Sola, Joan and Vidal-Calleja, Teresa and Civera, Javier and Montiel, Jos\{\\'e\} Mar\{\\'\\i\}a Mart\{\\'\\i\}nez\},\
  journal=\{International journal of computer vision\},\
  volume=\{97\},\
  number=\{3\},\
  pages=\{339--368\},\
  year=\{2012\},\
  publisher=\{Springer\}\
\}