%% This BibTeX bibliography file was created using BibDesk.
%% http://bibdesk.sourceforge.net/


%% Created for Harry Jackson at 2015-07-13 14:09:22 +0100 


%% Saved with string encoding Unicode (UTF-8) 



@article{sola2012impact,
	Author = {Sola, Joan and Vidal-Calleja, Teresa and Civera, Javier and Montiel, Jos{'e} Mar{'i}a Mart{'i}nez},
	Journal = {International journal of computer vision},
	Number = {3},
	Pages = {339--368},
	Publisher = {Springer},
	Title = {Impact of landmark parametrization on monocular EKF-SLAM with points and lines},
	Volume = {97},
	Year = {2012}}

@article{sola2008fusing,
	Author = {Sola, Joan and Monin, Andr{\'e} and Devy, Michel and Vidal-Calleja, Teresa},
	Journal = {Robotics, IEEE Transactions on},
	Number = {5},
	Pages = {958--968},
	Publisher = {IEEE},
	Title = {Fusing monocular information in multicamera SLAM},
	Volume = {24},
	Year = {2008}}
