@article{sola2012impact,
	Author = {Sola, Joan and Vidal-Calleja, Teresa and Civera, Javier and Montiel, Jos{\'e} Mar{\'i}a Mart{\'i}nez},
	Journal = {International journal of computer vision},
	Number = {3},
	Pages = {339--368},
	Publisher = {Springer},
	Title = {Impact of landmark parametrization on monocular EKF-SLAM with points and lines},
	Volume = {97},
	Year = {2012}}

@article{sola2008fusing,
	Author = {Sola, Joan and Monin, Andr{\'e} and Devy, Michel and Vidal-Calleja, Teresa},
	Journal = {Robotics, IEEE Transactions on},
	Number = {5},
	Pages = {958--968},
	Publisher = {IEEE},
	Title = {Fusing monocular information in multicamera SLAM},
	Volume = {24},
	Year = {2008}}

@article{kummerle2009measuring,
	title={On measuring the accuracy of SLAM algorithms},
	author={K{\"u}mmerle, Rainer and Steder, Bastian and Dornhege, Christian and Ruhnke, Michael and Grisetti, Giorgio and Stachniss, Cyrill and Kleiner, Alexander},
	journal={Autonomous Robots},
	volume={27},
	number={4},
	pages={387--407},
	year={2009},
	publisher={Springer}}

@inproceedings{davison2003real,
	title={Real-time simultaneous localisation and mapping with a single camera},
	author={Davison, Andrew J},
	booktitle={Computer Vision, 2003. Proceedings. Ninth IEEE International Conference on},
	pages={1403--1410},
	year={2003},
	organization={IEEE}
}

